 
IEEEabrv.bib
V1.12 (2007/01/11)
Copyright (c) 2002-2007 by Michael Shell
See: http://www.michaelshell.org/
for current contact information.

BibTeX bibliography string definitions of the ABBREVIATED titles of
IEEE journals and magazines and online publications.

This file is designed for bibliography styles that require 
abbreviated titles and is not for use in bibliographies that
require full-length titles.

Support sites:
http://www.michaelshell.org/tex/ieeetran/
http://www.ctan.org/tex-archive/macros/latex/contrib/IEEEtran/
and/or
http://www.ieee.org/

Special thanks to Laura Hyslop and ken Rawson of IEEE for their help
in obtaining the information needed to compile this file. Also,
Volker Kuhlmann and Moritz Borgmann kindly provided some corrections
and additions.

*************************************************************************
Legal Notice:
This code is offered as-is without any warranty either expressed or
implied; without even the implied warranty of MERCHANTABILITY or
FITNESS FOR A PARTICULAR PURPOSE! 
User assumes all risk.
In no event shall IEEE or any contributor to this code be liable for
any damages or losses, including, but not limited to, incidental,
consequential, or any other damages, resulting from the use or misuse
of any information contained here.

All comments are the opinions of their respective authors and are not
necessarily endorsed by the IEEE.

This work is distributed under the LaTeX Project Public License (LPPL)
( http://www.latex-project.org/ ) version 1.3, and may be freely used,
distributed and modified. A copy of the LPPL, version 1.3, is included
in the base LaTeX documentation of all distributions of LaTeX released
2003/12/01 or later.
Retain all contribution notices and credits.
** Modified files should be clearly indicated as such, including  **
** renaming them and changing author support contact information. **

File list of work: IEEEabrv.bib, IEEEfull.bib, IEEEexample.bib,
IEEEtran.bst, IEEEtranS.bst, IEEEtranSA.bst,
IEEEtranN.bst, IEEEtranSN.bst, IEEEtran_bst_HOWTO.pdf
*************************************************************************


USAGE:

\bibliographystyle{mybstfile}
\bibliography{IEEEabrv,mybibfile}

where the IEEE titles in the .bib database entries use the strings
defined here. e.g.,


journal = IEEE_J_AC,


to yield "{IEEE} Trans. Automat. Contr."


IEEE uses abbreviated journal titles in their bibliographies -
this file is suitable for work that is to be submitted to the IEEE.


For work that requires full-length titles, you should use the full
titles provided in the companion file, IEEEfull.bib.


** NOTES **

1. Journals have been grouped according to subject in order to make it
easier to locate and extract the definitions for related journals - 
as most works use references that are confined to a single topic.
Magazines are listed in straight alphabetical order.

2. String names are closely based on IEEE's own internal acronyms.

3. Abbreviations follow IEEE's style.

4. Older, out-of-print IEEE titles are included (but not including titles
dating prior to IEEE's formation from the IRE and AIEE in 1963).

5. The following NEW/current journal definitions have been disabled because
their abbreviations have not yet been verified:

STRING{IEEE_J_CBB        = "{IEEE/ACM} Trans. Comput. Biology Bioinformatics"}
STRING{IEEE_J_CJECE      = "Canadian J. Elect. Comput. Eng."}
STRING{IEEE_J_DSC        = "{IEEE} Trans. Dependable Secure Comput."}
STRING{IEEE_O_DSO        = "{IEEE} Distrib. Syst. Online"}

6. The following OLD journal definitions have been disabled because
their abbreviations have not yet been found/verified:

STRING{IEEE_J_BCTV       = "{IEEE} Trans. Broadcast Television Receivers"}
STRING{IEEE_J_EWS        = "{IEEE} Trans. Eng. Writing Speech"}

If you know what the proper abbreviation is for a string in #5 or #6 above,
email me and I will correct them in the next release.





IEEE Journals 



aerospace and military
@STRING{IEEE_J_AES        = "{IEEE} Trans. Aerosp. Electron. Syst."}
@STRING{IEEE_J_ANE        = "{IEEE} Trans. Aerosp. Navig. Electron."}
@STRING{IEEE_J_ANNE       = "{IEEE} Trans. Aeronaut. Navig. Electron."}
@STRING{IEEE_J_AS         = "{IEEE} Trans. Aerosp."}
@STRING{IEEE_J_AIRE       = "{IEEE} Trans. Airborne Electron."}
@STRING{IEEE_J_MIL        = "{IEEE} Trans. Mil. Electron."}



autos, transportation and vehicles (non-aerospace)
@STRING{IEEE_J_ITS        = "{IEEE} Trans. Intell. Transp. Syst."}
@STRING{IEEE_J_VT         = "{IEEE} Trans. Veh. Technol."}
@STRING{IEEE_J_VC         = "{IEEE} Trans. Veh. Commun."}



circuits, signals, systems, audio and controls
@STRING{IEEE_J_SPL        = "{IEEE} Signal Process. Lett."}
@STRING{IEEE_J_ASL        = "{IEEE} Trans. Audio, Speech, Language Process."}
@STRING{IEEE_J_ASSP       = "{IEEE} Trans. Acoust., Speech, Signal Process."}
@STRING{IEEE_J_AU         = "{IEEE} Trans. Audio"}
@STRING{IEEE_J_AUEA       = "{IEEE} Trans. Audio Electroacoust."}
@STRING{IEEE_J_AC         = "{IEEE} Trans. Autom. Control"}
@STRING{IEEE_J_CAS        = "{IEEE} Trans. Circuits Syst."}
@STRING{IEEE_J_CASVT      = "{IEEE} Trans. Circuits Syst. Video Technol."}
@STRING{IEEE_J_CASI       = "{IEEE} Trans. Circuits Syst. {I}"}
@STRING{IEEE_J_CASII      = "{IEEE} Trans. Circuits Syst. {II}"}
in 2004 CASI and CASII renamed part title to CASI_RP and CASII_EB, respectively.
@STRING{IEEE_J_CASI_RP    = "{IEEE} Trans. Circuits Syst. {I}"}
@STRING{IEEE_J_CASII_EB   = "{IEEE} Trans. Circuits Syst. {II}"}
@STRING{IEEE_J_CT         = "{IEEE} Trans. Circuit Theory"}
@STRING{IEEE_J_CST        = "{IEEE} Trans. Control Syst. Technol."}
@STRING{IEEE_J_SP         = "{IEEE} Trans. Signal Process."}
@STRING{IEEE_J_SU         = "{IEEE} Trans. Sonics Ultrason."}
@STRING{IEEE_J_SAP        = "{IEEE} Trans. Speech Audio Process."}
@STRING{IEEE_J_UE         = "{IEEE} Trans. Ultrason. Eng."}
@STRING{IEEE_J_UFFC       = "{IEEE} Trans. Ultrason., Ferroelectr., Freq. Control"}



communications
@STRING{IEEE_J_COML       = "{IEEE} Commun. Lett."}
@STRING{IEEE_J_JSAC       = "{IEEE} J. Sel. Areas Commun."}
@STRING{IEEE_J_COM        = "{IEEE} Trans. Commun."}
@STRING{IEEE_J_COMT       = "{IEEE} Trans. Commun. Technol."}
@STRING{IEEE_J_WCOM       = "{IEEE} Trans. Wireless Commun."}



components, packaging and manufacturing
@STRING{IEEE_J_ADVP       = "{IEEE} Trans. Adv. Packag."}
@STRING{IEEE_J_CHMT       = "{IEEE} Trans. Compon., Hybrids, Manuf. Technol."}
@STRING{IEEE_J_CPMTA      = "{IEEE} Trans. Compon., Packag., Manuf. Technol. {A}"}
@STRING{IEEE_J_CPMTB      = "{IEEE} Trans. Compon., Packag., Manuf. Technol. {B}"}
@STRING{IEEE_J_CPMTC      = "{IEEE} Trans. Compon., Packag., Manuf. Technol. {C}"}
@STRING{IEEE_J_CAPT       = "{IEEE} Trans. Compon. Packag. Technol."}
@STRING{IEEE_J_CAPTS      = "{IEEE} Trans. Compon. Packag. Technol."}
@STRING{IEEE_J_CPART      = "{IEEE} Trans. Compon. Parts"}
@STRING{IEEE_J_EPM        = "{IEEE} Trans. Electron. Packag. Manuf."}
@STRING{IEEE_J_MFT        = "{IEEE} Trans. Manuf. Technol."}
@STRING{IEEE_J_PHP        = "{IEEE} Trans. Parts, Hybrids, Packag."}
@STRING{IEEE_J_PMP        = "{IEEE} Trans. Parts, Mater., Packag."}



CAD
@STRING{IEEE_J_TCAD       = "{IEEE} J. Technol. Comput. Aided Design"}
@STRING{IEEE_J_CAD        = "{IEEE} Trans. Comput.-Aided Design Integr. Circuits Syst."}



coding, data, information, knowledge
@STRING{IEEE_J_IT         = "{IEEE} Trans. Inf. Theory"}
@STRING{IEEE_J_KDE        = "{IEEE} Trans. Knowl. Data Eng."}



computers, computation, networking and software
@STRING{IEEE_J_C          = "{IEEE} Trans. Comput."}
@STRING{IEEE_J_CAL        = "{IEEE} Comput. Archit. Lett."}
disabled till definition is verified
STRING{IEEE_J_DSC         = "{IEEE} Trans. Dependable Secure Comput."}
@STRING{IEEE_J_ECOMP      = "{IEEE} Trans. Electron. Comput."}
@STRING{IEEE_J_EVC        = "{IEEE} Trans. Evol. Comput."}
@STRING{IEEE_J_FUZZ       = "{IEEE} Trans. Fuzzy Syst."}
@STRING{IEEE_J_IFS        = "{IEEE} Trans. Inf. Forensics Security"}
@STRING{IEEE_J_MC         = "{IEEE} Trans. Mobile Comput."}
@STRING{IEEE_J_NET        = "{IEEE/ACM} Trans. Netw."}
@STRING{IEEE_J_NN         = "{IEEE} Trans. Neural Netw."}
@STRING{IEEE_J_PDS        = "{IEEE} Trans. Parallel Distrib. Syst."}
@STRING{IEEE_J_SE         = "{IEEE} Trans. Softw. Eng."}



computer graphics, imaging, and multimedia
@STRING{IEEE_J_JDT        = "{IEEE/OSA} J. Display Technol."}
@STRING{IEEE_J_IP         = "{IEEE} Trans. Image Process."}
@STRING{IEEE_J_MM         = "{IEEE} Trans. Multimedia"}
@STRING{IEEE_J_VCG        = "{IEEE} Trans. Vis. Comput. Graphics"}



cybernetics, ergonomics, robots, man-machine, and automation
@STRING{IEEE_J_ASE        = "{IEEE} Trans. Autom. Sci. Eng."}
@STRING{IEEE_J_JRA        = "{IEEE} J. Robot. Autom."}
@STRING{IEEE_J_HFE        = "{IEEE} Trans. Hum. Factors Electron."}
@STRING{IEEE_J_MMS        = "{IEEE} Trans. Man-Mach. Syst."}
@STRING{IEEE_J_PAMI       = "{IEEE} Trans. Pattern Anal. Mach. Intell."}
in 1989 JRA became RA
in August 2004, RA split into ASE and RO
@STRING{IEEE_J_RA         = "{IEEE} Trans. Robot. Autom."}
@STRING{IEEE_J_RO         = "{IEEE} Trans. Robot."}
@STRING{IEEE_J_SMC        = "{IEEE} Trans. Syst., Man, Cybern."}
@STRING{IEEE_J_SMCA       = "{IEEE} Trans. Syst., Man, Cybern. {A}"}
@STRING{IEEE_J_SMCB       = "{IEEE} Trans. Syst., Man, Cybern. {B}"}
@STRING{IEEE_J_SMCC       = "{IEEE} Trans. Syst., Man, Cybern. {C}"}
@STRING{IEEE_J_SSC        = "{IEEE} Trans. Syst. Sci. Cybern."}



earth, wind, fire and water
@STRING{IEEE_J_GE         = "{IEEE} Trans. Geosci. Electron."}
@STRING{IEEE_J_GRS        = "{IEEE} Trans. Geosci. Remote Sens."}
@STRING{IEEE_J_GRSL       = "{IEEE} Geosci. Remote Sens. Lett."}
@STRING{IEEE_J_OE         = "{IEEE} J. Ocean. Eng."}



education, engineering, history, IEEE, professional
disabled till definition is verified
STRING{IEEE_J_CJECE       = "Canadian J. Elect. Comput. Eng."}
@STRING{IEEE_J_PROC       = "Proc. {IEEE}"}
@STRING{IEEE_J_EDU        = "{IEEE} Trans. Educ."}
@STRING{IEEE_J_EM         = "{IEEE} Trans. Eng. Manag."}
disabled till definition is verified
STRING{IEEE_J_EWS         = "{IEEE} Trans. Eng. Writing Speech"}
@STRING{IEEE_J_PC         = "{IEEE} Trans. Prof. Commun."}



electromagnetics, antennas, EMI, magnetics and microwave
@STRING{IEEE_J_AWPL       = "{IEEE} Antennas Wireless Propag. Lett."}
@STRING{IEEE_J_MGWL       = "{IEEE} Microw. Guided Wave Lett."}
IEEE seems to want "Compon." here, not "Comp."
@STRING{IEEE_J_MWCL       = "{IEEE} Microw. Wireless Compon. Lett."}
@STRING{IEEE_J_AP         = "{IEEE} Trans. Antennas Propag."}
@STRING{IEEE_J_EMC        = "{IEEE} Trans. Electromagn. Compat."}
@STRING{IEEE_J_MAG        = "{IEEE} Trans. Magn."}
@STRING{IEEE_J_MTT        = "{IEEE} Trans. Microw. Theory Tech."}
@STRING{IEEE_J_RFI        = "{IEEE} Trans. Radio Freq. Interference"}
@STRING{IEEE_J_TJMJ       = "{IEEE} Transl. J. Magn. Jpn."}



energy and power
@STRING{IEEE_J_EC         = "{IEEE} Trans. Energy Convers."}
@STRING{IEEE_J_PEL        = "{IEEE} Power Electron. Lett."}
@STRING{IEEE_J_PWRAS      = "{IEEE} Trans. Power App. Syst."}
@STRING{IEEE_J_PWRD       = "{IEEE} Trans. Power Del."}
@STRING{IEEE_J_PWRE       = "{IEEE} Trans. Power Electron."}
@STRING{IEEE_J_PWRS       = "{IEEE} Trans. Power Syst."}



industrial, commercial and consumer
@STRING{IEEE_J_APPIND     = "{IEEE} Trans. Appl. Ind."}
@STRING{IEEE_J_BC         = "{IEEE} Trans. Broadcast."}
disabled till definition is verified
STRING{IEEE_J_BCTV        = "{IEEE} Trans. Broadcast Television Receivers"}
@STRING{IEEE_J_CE         = "{IEEE} Trans. Consum. Electron."}
@STRING{IEEE_J_IE         = "{IEEE} Trans. Ind. Electron."}
@STRING{IEEE_J_IECI       = "{IEEE} Trans. Ind. Electron. Contr. Instrum."}
@STRING{IEEE_J_IA         = "{IEEE} Trans. Ind. Appl."}
@STRING{IEEE_J_IGA        = "{IEEE} Trans. Ind. Gen. Appl."}
@STRING{IEEE_J_IINF       = "{IEEE} Trans. Ind. Informat."}
@STRING{IEEE_J_PSE        = "{IEEE} J. Product Safety Eng."}



instrumentation and measurement
@STRING{IEEE_J_IM         = "{IEEE} Trans. Instrum. Meas."}



insulation and materials
@STRING{IEEE_J_JEM        = "{IEEE/TMS} J. Electron. Mater."}
@STRING{IEEE_J_DEI        = "{IEEE} Trans. Dielectr. Electr. Insul."}
@STRING{IEEE_J_EI         = "{IEEE} Trans. Electr. Insul."}



mechanical
@STRING{IEEE_J_MECH       = "{IEEE/ASME} Trans. Mechatronics"}
@STRING{IEEE_J_MEMS       = "J. Microelectromech. Syst."}



medical and biological
@STRING{IEEE_J_BME        = "{IEEE} Trans. Biomed. Eng."}
Note: The B-ME journal later dropped the hyphen and became the BME.
@STRING{IEEE_J_B-ME       = "{IEEE} Trans. Bio-Med. Eng."}
@STRING{IEEE_J_BMELC      = "{IEEE} Trans. Bio-Med. Electron."}
disabled till definition is verified
STRING{IEEE_J_CBB         = "{IEEE/ACM} Trans. Comput. Biology Bioinformatics"}
@STRING{IEEE_J_ITBM       = "{IEEE} Trans. Inf. Technol. Biomed."}
@STRING{IEEE_J_ME         = "{IEEE} Trans. Med. Electron."}
@STRING{IEEE_J_MI         = "{IEEE} Trans. Med. Imag."}
@STRING{IEEE_J_NB         = "{IEEE} Trans. Nanobiosci."}
@STRING{IEEE_J_NSRE       = "{IEEE} Trans. Neural Syst. Rehabil. Eng."}
@STRING{IEEE_J_RE         = "{IEEE} Trans. Rehabil. Eng."}



optics, lightwave and photonics
@STRING{IEEE_J_PTL        = "{IEEE} Photon. Technol. Lett."}
@STRING{IEEE_J_JLT        = "J. Lightw. Technol."}



physics, electrons, nanotechnology, nuclear and quantum electronics
@STRING{IEEE_J_EDL        = "{IEEE} Electron Device Lett."}
@STRING{IEEE_J_JQE        = "{IEEE} J. Quantum Electron."}
@STRING{IEEE_J_JSTQE      = "{IEEE} J. Sel. Topics Quantum Electron."}
@STRING{IEEE_J_ED         = "{IEEE} Trans. Electron Devices"}
@STRING{IEEE_J_NANO       = "{IEEE} Trans. Nanotechnol."}
@STRING{IEEE_J_NS         = "{IEEE} Trans. Nucl. Sci."}
@STRING{IEEE_J_PS         = "{IEEE} Trans. Plasma Sci."}



reliability
IEEE seems to want "Mat." here, not "Mater."
@STRING{IEEE_J_DMR        = "{IEEE} Trans. Device Mater. Rel."}
@STRING{IEEE_J_R          = "{IEEE} Trans. Rel."}



semiconductors, superconductors, electrochemical and solid state
@STRING{IEEE_J_ESSL       = "{IEEE/ECS} Electrochem. Solid-State Lett."}
@STRING{IEEE_J_JSSC       = "{IEEE} J. Solid-State Circuits"}
@STRING{IEEE_J_ASC        = "{IEEE} Trans. Appl. Supercond."}
@STRING{IEEE_J_SM         = "{IEEE} Trans. Semicond. Manuf."}



sensors
@STRING{IEEE_J_SENSOR     = "{IEEE} Sensors J."}



VLSI
@STRING{IEEE_J_VLSI       = "{IEEE} Trans. {VLSI} Syst."}






IEEE Magazines 



@STRING{IEEE_M_AES        = "{IEEE} Aerosp. Electron. Syst. Mag."}
@STRING{IEEE_M_HIST       = "{IEEE} Ann. Hist. Comput."}
@STRING{IEEE_M_AP         = "{IEEE} Antennas Propag. Mag."}
@STRING{IEEE_M_ASSP       = "{IEEE} {ASSP} Mag."}
@STRING{IEEE_M_CD         = "{IEEE} Circuits Devices Mag."}
@STRING{IEEE_M_CAS        = "{IEEE} Circuits Syst. Mag."}
@STRING{IEEE_M_COM        = "{IEEE} Commun. Mag."}
@STRING{IEEE_M_COMSOC     = "{IEEE} Commun. Soc. Mag."}
@STRING{IEEE_M_CIM        = "{IEEE} Comput. Intell. Mag."}
CSEM changed to CSE in 1999
@STRING{IEEE_M_CSE        = "{IEEE} Comput. Sci. Eng."}
@STRING{IEEE_M_CSEM       = "{IEEE} Comput. Sci. Eng. Mag."}
@STRING{IEEE_M_C          = "{IEEE} Computer"}
@STRING{IEEE_M_CAP        = "{IEEE} Comput. Appl. Power"}
@STRING{IEEE_M_CGA        = "{IEEE} Comput. Graph. Appl."}
@STRING{IEEE_M_CONC       = "{IEEE} Concurrency"}
@STRING{IEEE_M_CS         = "{IEEE} Control Syst. Mag."}
@STRING{IEEE_M_DTC        = "{IEEE} Des. Test. Comput."}
@STRING{IEEE_M_EI         = "{IEEE} Electr. Insul. Mag."}
@STRING{IEEE_M_ETR        = "{IEEE} ElectroTechnol. Rev."}
@STRING{IEEE_M_EMB        = "{IEEE} Eng. Med. Biol. Mag."}
@STRING{IEEE_M_EMR        = "{IEEE} Eng. Manag. Rev."}
@STRING{IEEE_M_EXP        = "{IEEE} Expert"}
@STRING{IEEE_M_IA         = "{IEEE} Ind. Appl. Mag."}
@STRING{IEEE_M_IM         = "{IEEE} Instrum. Meas. Mag."}
@STRING{IEEE_M_IS         = "{IEEE} Intell. Syst."}
@STRING{IEEE_M_IC         = "{IEEE} Internet Comput."}
@STRING{IEEE_M_ITP        = "{IEEE} {IT} Prof."}
@STRING{IEEE_M_MICRO      = "{IEEE} Micro"}
@STRING{IEEE_M_MW         = "{IEEE} Microw. Mag."}
@STRING{IEEE_M_MM         = "{IEEE} Multimedia"}
@STRING{IEEE_M_NET        = "{IEEE} Netw."}
IEEE's editorial manual lists "Pers. Commun.", 
but "Personal Commun. Mag." seems to be what is used in the journals
@STRING{IEEE_M_PCOM       = "{IEEE} Personal Commun. Mag."}
@STRING{IEEE_M_POT        = "{IEEE} Potentials"}
CAP and PER merged to form PE in 2003
@STRING{IEEE_M_PE         = "{IEEE} Power Energy Mag."}
@STRING{IEEE_M_PER        = "{IEEE} Power Eng. Rev."}
@STRING{IEEE_M_PVC        = "{IEEE} Pervasive Comput."}
@STRING{IEEE_M_RA         = "{IEEE} Robot. Autom. Mag."}
@STRING{IEEE_M_SAP        = "{IEEE} Security Privacy"}
@STRING{IEEE_M_SP         = "{IEEE} Signal Process. Mag."}
@STRING{IEEE_M_S          = "{IEEE} Softw."}
@STRING{IEEE_M_SPECT      = "{IEEE} Spectr."}
@STRING{IEEE_M_TS         = "{IEEE} Technol. Soc. Mag."}
@STRING{IEEE_M_VT         = "{IEEE} Veh. Technol. Mag."}
@STRING{IEEE_M_WC         = "{IEEE} Wireless Commun. Mag."}
@STRING{IEEE_M_TODAY      = "Today's Engineer"}






IEEE Online Publications 



@STRING{IEEE_O_CSTO        = "{IEEE} Commun. Surveys Tuts."}
disabled till definition is verified
@STRING{IEEE_O_DSO          = "{IEEE} Distrib. Syst. Online"}


@ARTICLE{Rumelhart86-LRB,
   author = {{Rumelhart}, D.~E. and {Hinton}, G.~E. and {Williams}, R.~J.},
    title = {Learning representations by back-propagating errors},
  journal = {Nature},
     year = 1986,
    month = Oct,
   volume = 323,
    pages = {533-536},
}

@article{726791, 
author={Lecun, Y. and Bottou, L. and Bengio, Y. and Haffner, P.}, 
journal={Proceedings of the IEEE}, 
title={Gradient-based learning applied to document recognition}, 
year={1998}, 
volume={86}, 
number={11}, 
pages={2278-2324},
month={Nov},
}

@incollection{Goodfellow2009-MII,
title = {Measuring Invariances in Deep Networks},
author = {Goodfellow, Ian and Lee, Honglak and Quoc V. Le and Andrew Saxe and Andrew Y. Ng},
booktitle = {Advances in Neural Information Processing Systems 22},
editor = {Y. Bengio and D. Schuurmans and J.D. Lafferty and C.K.I. Williams and A. Culotta},
pages = {646--654},
year = {2009},
publisher = {Curran Associates, Inc.},
}

@incollection{Bengio2007-GLT,
title = {Greedy Layer-Wise Training of Deep Networks},
author = {Bengio, Yoshua and Pascal Lamblin and Dan Popovici and Larochelle, Hugo},
booktitle = {Advances in Neural Information Processing Systems 19},
editor = {B. Sch\"{o}lkopf and J.C. Platt and T. Hoffman},
pages = {153--160},
year = {2007},
publisher = {MIT Press},
}

@article{Vincent10-SDA,
 author = {Vincent, Pascal and Larochelle, Hugo and Lajoie, Isabelle and Bengio, Yoshua and Manzagol, Pierre-Antoine},
 title = {Stacked Denoising Autoencoders: Learning Useful Representations in a Deep Network with a Local Denoising Criterion},
 journal = {Journal of Machine Learning Research},
 issue_date = {3/1/2010},
 volume = {11},
 month = Dec,
 year = {2010},
 issn = {1532-4435},
 pages = {3371--3408},
 numpages = {38},
 acmid = {1953039},
 publisher = {JMLR.org}
}

@Misc{dcase2018web,
	howpublished = {\url{http://dcase.community/challenge2018/}}
}

@article{stowell2016bird,
	title={Bird detection in audio: a survey and a challenge},
	author={Stowell, Dan and Wood, Mike and Stylianou, Yannis and Glotin, Herv{\'e}},
	journal={arXiv preprint arXiv:1608.03417},
	year={2016}
}

@article{stowell2010birdsong,
	title={Birdsong and C4DM: A survey of UK birdsong and machine recognition for music researchers},
	author={Stowell, Dan and Plumbley, Mark D},
	journal={Centre for Digital Music, Queen Mary University of London, Tech. Rep. C4DM-TR-09-12},
	year={2010}
}
@article{stowell2017bird,
	title={On-bird sound recordings: automatic acoustic recognition of activities and contexts},
	author={Stowell, Dan and Benetos, Emmanouil and Gill, Lisa F},
	journal={IEEE/ACM Transactions on Audio, Speech, and Language Processing},
	volume={25},
	number={6},
	pages={1193--1206},
	year={2017},
	publisher={IEEE}
}

@INPROCEEDINGS{grill2017two, 
	author={T. Grill and J. Schlüter}, 
	booktitle={Proc. of EUSIPCO}, 
	title={Two convolutional neural networks for bird detection in audio signals}, 
	year={2017}, 
	volume={}, 
	number={}, 
	pages={1764-1768}, 
	organization={IEEE},
	month={Aug},}

@article{POTAMITIS20141,
	title = "Automatic bird sound detection in long real-field recordings: Applications and tools",
	journal = "Applied Acoustics",
	volume = "80",
	pages = "1 - 9",
	year = "2014",
	issn = "0003-682X",
	doi = "https://doi.org/10.1016/j.apacoust.2014.01.001",
	url = "http://www.sciencedirect.com/science/article/pii/S0003682X14000024",
	author = "Ilyas Potamitis and Stavros Ntalampiras and Olaf Jahn and Klaus Riede",
	keywords = "Birdsong detection, Bird recognition, Computational ecology"
}

@article{payne2010handbook,
	title={Handbook of the birds of the world},
	author={Payne, Robert B},
	journal={The Wilson Journal of Ornithology},
	volume={122},
	number={3},
	pages={627--629},
	year={2010},
	publisher={Wilson Ornithological Society}
}

@article{salamon2017deep,
	title={Deep convolutional neural networks and data augmentation for environmental sound classification},
	author={Salamon, Justin and Bello, Juan Pablo},
	journal={IEEE Signal Processing Letters},
	volume={24},
	number={3},
	pages={279--283},
	year={2017},
	publisher={IEEE}
}

@inproceedings{mcloughlin2015low,
	title={Low Frequency Ultrasonic Voice Activity Detection using Convolutional Neural Networks},
	author={McLoughlin, Ian and Song, Yan},
	booktitle={Proc. of Interspeech},
	year={2015},
	address={Dresden, Germany},
	month= {Sep. 6-10}
}

@inproceedings{piczak2015environmental,
	title={Environmental sound classification with convolutional neural networks},
	author={Piczak, Karol J},
	booktitle={Proc. of MLSP},
	pages={1--6},
	year={2015},
	organization={IEEE}
}

@article{cakir2017convolutional,
	title={Convolutional recurrent neural networks for polyphonic sound event detection},
	author={Cakir, Emre and Parascandolo, Giambattista and Heittola, Toni and Huttunen, Heikki and Virtanen, Tuomas},
	journal={{IEEE} Trans. Audio, Speech, Language Process.},
	volume={25},
	number={6},
	pages={1291--1303},
	year={2017},
	publisher={IEEE Press}
}

@inproceedings{limrare,
	author={Lim, Hyungui and Park, Jeongsoo and Han, Yoonchang},
	title={Rare Sound Event Detection Using {1D} Convolutional Recurrent Neural Networks},
	booktitle={Proc. of DCASE},
	pages={80--84},
	year={2017}
}

@inproceedings{DCASE2017challenge,
	Author = "Mesaros, A. and Heittola, T. and Diment, A. and Elizalde, B. and Shah, A. and Vincent, E. and Raj, B. and Virtanen, T.",
	title = "{DCASE} 2017 Challenge Setup: Tasks, Datasets and Baseline System",
	booktitle = "Proc. of DCASE",
	year = "2017",
	keywords = "Sound scene analysis, Acoustic scene classification, Sound event detection, Audio tagging, Rare sound events"
}

@article{stowell2018automatic,
	title={Automatic acoustic detection of birds through deep learning: the first Bird Audio Detection challenge},
	author={Stowell, Dan and Stylianou, Yannis and Wood, Mike and Pamu{\l}a, Hanna and Glotin, Herv{\'e}},
	journal={arXiv preprint arXiv:1807.05812},
	year={2018}
}

@inproceedings{sabour2017dynamic,
	title={Dynamic routing between capsules},
	author={Sabour, Sara and Frosst, Nicholas and Hinton, Geoffrey E},
	booktitle={Advances in Neural Information Processing Systems},
	pages={3856--3866},
	year={2017}
}

@misc{tensorflow2015-whitepaper,
	title={ {TensorFlow}: Large-Scale Machine Learning on Heterogeneous Systems},
	url={https://www.tensorflow.org/},
	author={Abadi,Mart{\'\i}n and others},
	booktitle={OSDI},
	volume={16},
	pages={265--283},
	year={2016}
}

@misc{chollet2015keras,
	title={Keras},
	author={Chollet, Fran\c{c}ois and others},
	year={2015},
	publisher={GitHub},
	howpublished={\url{https://github.com/keras-team/keras}},
}

@article{bergstra2012random,
	title={Random search for hyper-parameter optimization},
	author={Bergstra, James and Bengio, Yoshua},
	journal={J. of Machine Learning Research},
	volume={13},
	number={Feb},
	pages={281--305},
	year={2012}
}

@article{srivastava2014dropout,
	title={Dropout: A simple way to prevent neural networks from overfitting},
	author={Srivastava, Nitish and Hinton, Geoffrey and Krizhevsky, Alex and Sutskever, Ilya and Salakhutdinov, Ruslan},
	journal={J. of Machine Learning Research},
	volume={15},
	number={1},
	pages={1929--1958},
	year={2014},
	publisher={JMLR. org}
}

@article{zeiler2012adadelta,
	title={Ada{D}elta: an adaptive learning rate method},
	author={Zeiler, Matthew D},
	journal={arXiv preprint arXiv:1212.5701},
	year={2012}
}

@article{duchi2011adaptive,
	title={Adaptive subgradient methods for online learning and stochastic optimization},
	author={Duchi, John and Hazan, Elad and Singer, Yoram},
	journal={Journal of Machine Learning Research},
	volume={12},
	number={Jul},
	pages={2121--2159},
	year={2011}
}

@inproceedings{hinton2011transforming,
	title={Transforming auto-encoders},
	author={Hinton, Geoffrey E and Krizhevsky, Alex and Wang, Sida D},
	booktitle={Proc. of ICANN},
	pages={44--51},
	year={2011},
	organization={Springer}
}

@INPROCEEDINGS{valenti2017convolutional, 
	author={M. Valenti and S. Squartini and A. Diment and G. Parascandolo and T. Virtanen}, 
	booktitle={2017 International Joint Conference on Neural Networks (IJCNN)}, 
	title={A convolutional neural network approach for acoustic scene classification}, 
	year={2017}, 
	volume={}, 
	number={}, 
	pages={1547-1554}, 
	month={May},}

@inproceedings{hinton2018matrix,
	title={Matrix capsules with {EM} routing},
	author={Hinton, Geoffrey E and Sabour, Sara and Frosst, Nicholas},
	booktitle={Proc. of ICLR}, 
	address={Vancouver, BC},
	year={2018}
}

@article{sailor2017unsupervised,
	title={Unsupervised Filterbank Learning Using Convolutional Restricted Boltzmann Machine for Environmental Sound Classification},
	author={Sailor, Hardik B and Agrawal, Dharmesh M and Patil, Hemant A},
	journal={Proc. Interspeech 2017},
	pages={3107--3111},
	year={2017}
}

@incollection{vesperini2018capsule,
	title={A Capsule Neural Networks based approach for Bird Audio Detection},
	author={Vesperini, Fabio and Gabrielli, Leonardo and Principi, Emanuele  and Squartini, Stefano},
	year={2018},
	INSTITUTION =   {Department of Information Engineering, Universit\`{a} Politecnica delle Marche},
	ADDRESS =       {Ancona, Italy},
	booktitle ={},
	note={{DCASE} {T}ech. {R}eport. {C}opyright-free}
}

@inproceedings{heittola2010audio,
	title={Audio Context Recognition using Audio Event Histograms},
	author={Heittola, Toni and Mesaros, Annamaria and Eronen, Antti and Virtanen, Tuomas},
	booktitle={Proc. of EUSIPCO},
	pages={1272--1276},
	year={2010},
}

@article{marchi2017deep,
	title={Deep Recurrent Neural Network-Based Autoencoders for Acoustic Novelty Detection},
	author={Marchi, Erik and Vesperini, Fabio and Squartini, Stefano and Schuller, Bj{\"o}rn},
	journal={Computational intelligence and neuroscience},
	volume={2017},
	year={2017},
	publisher={Hindawi}
}

@article{sigtia2016automatic,
	title={Automatic environmental sound recognition: Performance versus computational cost},
	author={Sigtia, Siddharth and Stark, Adam M and Krstulovi{\'c}, Sacha and Plumbley, Mark D},
	journal={IEEE/ACM Transactions on Audio, Speech, and Language Processing},
	pages={2096--2107},
	year={2016},
}


@inproceedings{peng2009healthcare,
	title={Healthcare Audio Event Classification using Hidden {M}arkov Models and Hierarchical Hidden {M}arkov Models},
	author={Peng, Ya-Ti and Lin, Ching-Yung and Sun, Ming-Ting and Tsai, Kun-Cheng},
	booktitle={Proc. of ICME},
	year={2009},
}

@incollection{vecchiotti2018convolutional,
	title={Convolutional Neural Networks with 3-D Kernels for Voice Activity Detection in a Multiroom Environment},
	author={Vecchiotti, Paolo and Vesperini, Fabio and Principi, Emanuele and Squartini, Stefano and Piazza, Francesco},
	booktitle={Multidisciplinary Approaches to Neural Computing},
	pages={161--170},
	year={2018},
	publisher={Springer}
}

@incollection{wirn2017-fall, 
	author = {Droghini, D. and Ferretti, D. and Principi, E. and Squartini, S. and Piazza, F.}, 
	title = {An End-To-End Unsupervised Approach employing Convolutional Neural Network Autoencoders for Human Fall Detection}, 
	booktitle = {Proc. of WIRN},
	year = {2017}, 
	address = {Vietri sul Mare, Italy},
	month={June, 14-16},}



@inproceedings{cakirconvolutional,
	author = "Cakir, Emre and Virtanen, Tuomas",
	title = "Convolutional Recurrent Neural Networks for Rare Sound Event Detection",
	booktitle = "Proc. of DCASE",
	pages = "27--31",
	year = "2017"
}

@article{phan2017dnn,
	title={{DNN} and {CNN} with weighted and multi-task loss functions for audio event detection},
	author={Phan, Huy and Krawczyk-Becker, Martin and Gerkmann, Timo and Mertins, Alfred},
	journal={arXiv preprint arXiv:1708.03211},
	year={2017}
}

@INPROCEEDINGS{mesaros2016tut, 
	author={A. Mesaros and T. Heittola and T. Virtanen}, 
	booktitle={Proc. of EUSIPCO}, 
	title={{TUT} database for acoustic scene classification and sound event detection}, 
	year={2016}, 
	volume={}, 
	number={}, 
	pages={1128-1132}, 
	keywords={audio recording;audio signal processing;TUT database;acoustic scene classification;sound event detection;environmental sound research;binaural recordings;mel frequency cepstral coefficients;Gaussian mixture models;Event detection;Databases;Automobiles;Signal processing;Mel frequency cepstral coefficient;Europe}, 
	doi={10.1109/EUSIPCO.2016.7760424}, 
	ISSN={2076-1465}, 
	month={Aug},}

@inproceedings{valenti2017neural,
	title={A neural network approach for sound event detection in real life audio},
	author={Valenti, Michele and Tonelli, Dario and Vesperini, Fabio and Principi, Emanuele and Squartini, Stefano},
	booktitle={Proc. of EUSIPCO},
	pages={2754--2758},
	year={2017},
	organization={IEEE}
}

@article{adavanne2017report,
	title={A report on sound event detection with different binaural features},
	author={Adavanne, Sharath and Virtanen, Tuomas},
	journal={arXiv preprint arXiv:1710.02997},
	year={2017}
}

@inproceedings{mcfee2015librosa,
	title={librosa: Audio and music signal analysis in python},
	author={McFee, Brian and Raffel, Colin and Liang, Dawen and Ellis, Daniel PW and McVicar, Matt and Battenberg, Eric and Nieto, Oriol},
	booktitle={Proc. of SciPy},
	pages={18--25},
	year={2015}
}

@article{mesaros2016metrics,
	title={Metrics for polyphonic sound event detection},
	author={Mesaros, Annamaria and Heittola, Toni and Virtanen, Tuomas},
	journal={Applied Sciences},
	volume={6},
	number={6},
	pages={162},
	year={2016},
	publisher={Multidisciplinary Digital Publishing Institute}
}

@inproceedings{glorot2010understanding,
	title={Understanding the difficulty of training deep feedforward neural networks},
	author={Glorot, Xavier and Bengio, Yoshua},
	booktitle={Proc. of AISTATS},
	pages={249--256},
	year={2010}
}

@inproceedings{krizhevsky2012imagenet,
	title={Imagenet classification with deep convolutional neural networks},
	author={Krizhevsky, Alex and Sutskever, Ilya and Hinton, Geoffrey E},
	booktitle={Advances in neural information processing systems},
	pages={1097--1105},
	year={2012}
}

@INPROCEEDINGS{vesperini2018hierarchic, 
	author={Vesperini, Fabio and Droghini,  Diego and Principi,Emanuele and Gabrielli, Leonardo and Squartini, Stefano}, 
	booktitle={Proc. of EUSIPCO}, 
	title={Hierarchic {C}onv{N}ets Framework for Rare Sound Event Detection}, 
	year={2018}, 
	volume={}, 
	number={}, 
	pages={}, 
	organization={IEEE},
	month={Sept. 3-7}}

@article{hoerl1970ridge,
	title={Ridge regression: Biased estimation for nonorthogonal problems},
	author={Hoerl, Arthur E and Kennard, Robert W},
	journal={Technometrics},
	volume={12},
	number={1},
	pages={55--67},
	year={1970},
	publisher={Taylor \& Francis Group}
}

@book{virtanen2018computational,
	title={Computational analysis of sound scenes and events},
	author={Virtanen, Tuomas and Plumbley, Mark D and Ellis, Dan},
	year={2018},
	publisher={Springer}
}

@article{crocco2016audio,
	title={Audio surveillance: a systematic review},
	author={Crocco, Marco and Cristani, Marco and Trucco, Andrea and Murino, Vittorio},
	journal={ACM Computing Surveys (CSUR)},
	volume={48},
	number={4},
	pages={52},
	year={2016},
	publisher={ACM}
}

@inproceedings{vesperini2018snore,
	title={Snore Sounds Excitation Localization by Using Scattering Transform and Deep Neural Networks},
	author={Vesperini, Fabio and Galli, Andrea and Gabrielli, Leonardo and Principi, Emanuele and Squartini, Stefano},
	booktitle={2018 International Joint Conference on Neural Networks (IJCNN)}, 
	year={2018}, 
	address={Rio the Janeiro, Brazil},
	month={July 8-13}
}

@article{droghini2017combined,
	title={A combined one-class SVM and template-matching approach for user-aided human fall detection by means of floor acoustic features},
	author={Droghini, Diego and Ferretti, Daniele and Principi, Emanuele and Squartini, Stefano and Piazza, Francesco},
	journal={Computational intelligence and neuroscience},
	volume={2017},
	year={2017},
	publisher={Hindawi}
}

@inproceedings{stowell2015acoustic,
	title={Acoustic event detection for multiple overlapping similar sources},
	author={Stowell, Dan and Clayton, David},
	booktitle={Proc. of WASPAA},
	pages={1--5},
	year={2015},
	organization={IEEE}
}

@article{foggia2015reliable,
	title={Reliable detection of audio events in highly noisy environments},
	author={Foggia, Pasquale and Petkov, Nicolai and Saggese, Alessia and Strisciuglio, Nicola and Vento, Mario},
	journal={Pattern Recognition Letters},
	volume={65},
	pages={22--28},
	year={2015},
	publisher={Elsevier}
}

@article{degara2011onset,
	title={Onset event decoding exploiting the rhythmic structure of polyphonic music},
	author={Degara, Norberto and Davies, Matthew EP and Pena, Antonio and Plumbley, Mark D},
	journal={{IEEE} J. Sel. T. in Signal Proc.},
	volume={5},
	number={6},
	pages={1228--1239},
	year={2011},
	publisher={IEEE}
}
@article{carabias2011musical,
	title={Musical instrument sound multi-excitation model for non-negative spectrogram factorization},
	author={Carabias-Orti, Julio J and Virtanen, Tuomas and Vera-Candeas, Pedro and Ruiz-Reyes, Nicol{\'a}s and Canadas-Quesada, Francisco J},
	journal={{IEEE} J. Sel. T. in Signal Proc.},
	volume={5},
	number={6},
	pages={1144--1158},
	year={2011},
	publisher={IEEE}
}

@article{guo2003content,
	title={Content-based audio classification and retrieval by support vector machines},
	author={Guo, Guodong and Li, Stan Z},
	journal={{IEEE} Trans. Neural Netw.},
	volume={14},
	number={1},
	pages={209--215},
	year={2003},
	publisher={IEEE}
}

@article{mohamed2012acoustic,
	title={Acoustic modeling using deep belief networks},
	author={Mohamed, Abdel-rahman and Dahl, George E and Hinton, Geoffrey and others},
	journal={{IEEE} Trans. Audio, Speech, Language Process.},
	volume={20},
	number={1},
	pages={14--22},
	year={2012}
}

@article{mcloughlin2015robust,
	title={Robust sound event classification using deep neural networks},
	author={McLoughlin, Ian and Zhang, Haomin and Xie, Zhipeng and Song, Yan and Xiao, Wei},
	journal={{IEEE} Trans. Audio, Speech, Language Process.},
	volume={23},
	number={3},
	pages={540--552},
	year={2015},
	publisher={IEEE}
}

@book{DCASE2017Workshop,
	title = "Proceedings of the Detection and Classification of Acoustic Scenes and Events 2017 Workshop",
	author = "Tuomas Virtanen and Annamaria Mesaros and Toni Heittola and Aleksandr Diment and Emmanuel Vincent and Emmanouil Benetos and Benjamin Martinez Elizalde",
	year = "2017",
	publisher = "Tampere University of Technology. Laboratory of Signal Processing",
}

@inproceedings{graves2013speech,
	title={Speech recognition with deep recurrent neural networks},
	author={Graves, Alex and Mohamed, Abdel-rahman and Hinton, Geoffrey},
	booktitle={Proc. of ICASSP},
	pages={6645--6649},
	year={2013},
	organization={IEEE}
}

@article{wu2017end,
	title={An end-to-end deep learning approach to simultaneous speech dereverberation and acoustic modeling for robust speech recognition},
	author={Wu, Bo and Li, Kehuang and Ge, Fengpei and Huang, Zhen and Yang, Minglei and Siniscalchi, Sabato Marco and Lee, Chin-Hui},
	journal={{IEEE} J. Sel. T. in Signal Proc.},
	volume={11},
	number={8},
	pages={1289--1300},
	year={2017},
	publisher={IEEE}
}

@inproceedings{trigeorgis2016adieu,
	title={Adieu features? end-to-end speech emotion recognition using a deep convolutional recurrent network},
	author={Trigeorgis, George and Ringeval, Fabien and Brueckner, Raymond and Marchi, Erik and Nicolaou, Mihalis A and Schuller, Bj{\"o}rn and Zafeiriou, Stefanos},
	booktitle={Proc. of ICASSP},
	pages={5200--5204},
	year={2016},
	organization={IEEE}
}


@inproceedings{iqbal2018capsule,
	title={Capsule Routing for Sound Event Detection},
	author={Iqbal, Turab and Xu, Yong and Kong, Qiuqiang and Wang, Wenwu},
	booktitle={Proc. of EUSIPCO}, 
	year={2018}, 
	pages={}, 
	organization={IEEE},
	month={Sept. 3-7}
}

@article{liu2018capsule,
	title={A Capsule based Approach for Polyphonic Sound Event Detection},
	author={Liu, Yaming and Tang, Jian and Song, Yan and Dai, Lirong},
	journal={arXiv preprint arXiv:1807.07436},
	year={2018}
}

@Article{deng2018hyper,
	AUTHOR = {Deng, Fei and Pu, Shengliang and Chen, Xuehong and Shi, Yusheng and Yuan, Ting and Pu, Shengyan},
	TITLE = {Hyperspectral Image Classification with Capsule Network Using Limited Training Samples},
	JOURNAL = {Sensors},
	VOLUME = {18},
	YEAR = {2018},
	NUMBER = {9},
	ARTICLE-NUMBER = {3153}
}

@InProceedings{shen2018dynamic,
	author="Shen, Yan
	and Gao, Mingchen",
	editor="Shi, Yinghuan
	and Suk, Heung-Il
	and Liu, Mingxia",
	title="Dynamic Routing on Deep Neural Network for Thoracic Disease Classification and Sensitive Area Localization",
	booktitle="Machine Learning in Medical Imaging",
	year="2018",
	publisher="Springer International Publishing",
	pages="389--397",
}

@inproceedings{jalal2018american,
	title={American Sign Language Posture Understanding with Deep Neural Networks},
	author={Jalal, Md Asif and Chen, Ruilong and Moore, Roger K and Mihaylova, Lyudmila},
	booktitle={Proc. of FUSION},
	pages={573--579},
	year={2018},
	organization={IEEE}
}

@Article{espi2015,
	author="Espi, Miquel
	and Fujimoto, Masakiyo
	and Kinoshita, Keisuke
	and Nakatani, Tomohiro",
	title="Exploiting spectro-temporal locality in deep learning based acoustic event detection",
	journal="EURASIP J, on Audio, Speech, and Music Process.",
	year="2015",
	month="Sep",
	day="14",
	volume="2015",
	number="1",
	pages="26",
}

@misc{audioanalytic,
	shorthand = {AudioAnalytic},
	author = {Krstulovi\'{c}, S. and al.},
	title="AudioAnalytic – Intelligent sound detection",
	howpublished = "\url{http://www.
audioanalytic.com}",
	year = 2016
}

@misc{rainforest,
	shorthand = {RainforestConnection},
	author = {White, Topher and al.},
	title="Rainforest Connection",
	howpublished = "\url{https://rfcx.org/home}",
	year = 2016
}


@article{lawrence1997face,
	title={Face recognition: A convolutional neural-network approach},
	author={Lawrence, Steve and Giles, C Lee and Tsoi, Ah Chung and Back, Andrew D},
	journal={IEEE Transactions on Neural Networks},
	volume={8},
	number={1},
	pages={98--113},
	year={1997}
}

@inproceedings{chopra2005learning,
	title={Learning a similarity metric discriminatively, with application to face verification},
	author={Chopra, Sumit and Hadsell, Raia and LeCun, Yann},
	booktitle={Computer Vision and Pattern Recognition, 2005. CVPR 2005. IEEE Computer Society Conference on},
	volume={1},
	pages={539--546},
	year={2005},
	organization={IEEE}
}

@article{Hochreiter97-LST,
	author = {S. Hochreiter and J. Schmidhuber},
	title = {Long short-term memory},
	journal = {Neural Computation},
	volume = {9},
	number = {8},
	pages = {1735-1780},
	year = {1997}
}

@ARTICLE{schuster1997bidirectional, 
	author={Schuster, M. and Paliwal, Kuldip K.}, 
	journal={IEEE Transactions on Signal Processing}, 
	title={Bidirectional recurrent neural networks}, 
	year={1997}, 
	month={Nov}, 
	volume={45}, 
	number={11}, 
	pages={2673-2681}, 
	doi={10.1109/78.650093}, 
	ISSN={1053-587X},
	publisher = {IEEE},}

@article{chung2014empirical,
	title={Empirical evaluation of gated recurrent neural networks on sequence modeling},
	author={Chung, Junyoung and Gulcehre, Caglar and Cho, KyungHyun and Bengio, Yoshua},
	journal={arXiv preprint arXiv:1412.3555},
	year={2014}
}

@article{garofolo1993darpa,
	title={DARPA TIMIT acoustic-phonetic continous speech corpus CD-ROM. NIST speech disc 1-1.1},
	author={Garofolo, John S and Lamel, Lori F and Fisher, William M and Fiscus, Jonathan G and Pallett, David S},
	journal={NASA STI/Recon technical report n},
	volume={93},
	year={1993}
}

@inproceedings{bertin2011million,
author = {Thierry Bertin-Mahieux and Daniel P.W. Ellis and Brian Whitman and Paul Lamere},
title = {The Million Song Dataset},
booktitle = {{Proceedings of the 12th International Conference on Music Information Retrieval ({ISMIR} 2011)}},
year = {2011}
}

@inproceedings{gemmeke2017audio,
	title={Audio set: An ontology and human-labeled dataset for audio events},
	author={Gemmeke, Jort F and Ellis, Daniel PW and Freedman, Dylan and Jansen, Aren and Lawrence, Wade and Moore, R Channing and Plakal, Manoj and Ritter, Marvin},
	booktitle={Acoustics, Speech and Signal Processing (ICASSP), 2017 IEEE International Conference on},
	pages={776--780},
	year={2017},
	organization={IEEE}
}

@inproceedings{deng2009imagenet,
	title={Imagenet: A large-scale hierarchical image database},
	author={Deng, Jia and Dong, Wei and Socher, Richard and Li, Li-Jia and Li, Kai and Fei-Fei, Li},
	booktitle={Computer Vision and Pattern Recognition, 2009. CVPR 2009. IEEE Conference on},
	pages={248--255},
	year={2009},
	organization={Ieee}
}


@article{Davis80-COP,
	Author = {Steven B. Davis and Paul Mermelstein},
	Journal = {IEEE Transactions on Acoustics, Speech and Signal Processing},
	Number = {4},
	Pages = {357--366},
	Title = {Comparison of Parametric Representation for Monosyllabic Word Recognition in Continuously Spoken Sentences},
	Volume = {28},
	Year = {1980}}

@article{Rabiner89-ATO,
	Author = {Lawrence R. Rabiner},
	Journal = {Proceedings of the IEEE},
	Number = {2},
	Pages = {257--286},
	Title = {A Tutorial on Hidden {Markov} Models and Selected Applications in Speech Recognition},
	Volume = {77},
	Year = {1989}}

@book{Hastie09-TEO,
	Address = {New York},
	Author = {Trevor Hastie and Robert Tibshirani and Jerome Friedman},
	Publisher = {Springer},
	Title = {The Elements of Statistical Learning -- Data Mining, Inference, and Prediction},
	Year = {2009}}

@inproceedings{YourName17-XXX,
	Author = {Firstname1 Lastname1 and Firstname2 Lastname2 and Firstname3 Lastname3},
	Crossref = {INTERSPEECH17},
	Date-Modified = {2016-10-17 09:35:16 +0000},
	Pages = {100--104},
	Title = {Title of your {INTERSPEECH} 2017 publication}}

@proceedings{INTERSPEECH17,
	Booktitle = {{INTERSPEECH} 2017 -- 18\textsuperscript{th} Annual Conference of the International Speech Communication Association, September 8--12, Stockholm, Sweden, Proceedings},
	Date-Modified = {2016-10-17 09:24:27 +0000},
	Key = {INTERSPEECH},
	Title = {{INTERSPEECH} 2017 -- 18\textsuperscript{th} Annual Conference of the International Speech Communication Association, August 20--24, Stockholm, Sweden, Proceedings},
	Year = {2017}}

@inproceedings{ComParE2017,
	Author = {Bj\"{o}rn Schuller and Stefan Steidl and Anton Batliner and Elika Bergelson and Jarek Krajewski and Christoph Janott and Andrei Amatuni and Marisa Casillas and Amanda Seidl and Melanie Soderstrom and Anne S. Warlaumont and Guillermo Hidalgo and Sebastian Schnieder and Clemens Heiser  and Winfried Hohenhorst and Michael Herzog and Maximilian Schmitt and Kun Qian and Yue Zhang and George Trigeorgis and Panagiotis Tzirakis and Stefanos Zafeiriou},
	Booktitle = {Proc. of Interspeech},
	Title = {The {INTERSPEECH} 2017 Computational Paralinguistics Challenge: Addressee, Cold \& Snoring},
	Year = {2017},
	address = {Stockholm, Sweden},
	note={to appear},
	month={Aug. 20-24}}

@inproceedings{Nair2010,
	author={Nair, V. and Hinton, G.E.},
	title={Rectified linear units improve Restricted Boltzmann machines},
	booktitle={Proc. of the 27th Int. Conf. on Machine Learning (ICML)},
	year={2010},
	pages={807-814},
	month={Jun. 21-24},
	address={Haifa, Israel},
}

@article{bergstra2012,
	title={Random search for hyper-parameter optimization},
	author={Bergstra, James and Bengio, Yoshua},
	journal={Journal of Machine Learning Research},
	volume={13},
	number={Feb},
	pages={281--305},
	year={2012}
}

@article{blumen2012snoring,
	title={Is snoring intensity responsible for the sleep partner’s poor quality of sleep?},
	author={Blumen, Marc B and Salva, Maria Antonia Quera and Vaugier, Isabelle and Leroux, Karl and d’Ortho, Marie-Pia and Barbot, Fr{\'e}d{\'e}ric and Chabolle, Frederic and Lofaso, Frederic},
	journal={Sleep and Breathing},
	volume={16},
	number={3},
	pages={903--907},
	year={2012},
	publisher={Springer}
}

@inproceedings{schmitt2016bag,
	title={A Bag-of-Audio-Words Approach for Snore Sounds' Excitation Localisation},
	author={Schmitt, Maximilian and Janott, Christoph and Pandit, Vedhas and Qian, Kun and Heiser, Clemens and Hemmert, Werner and Schuller, Bj{\"o}rn},
	booktitle={Proc. of ITG Speech	Communication},
	pages={230-234},
	year={2016},
	address={Paderborn, Germany}
}


@article{el2003predictive,
	title={Predictive value of sleep nasendoscopy in the management of habitual snorers},
	author={El Badawey, Mohamed Reda and McKee, Gary and Marshall, Hugo and Heggie, Nicholas and Wilson, Janet Ann},
	journal={Annals of Otology, Rhinology \& Laryngology},
	volume={112},
	number={1},
	pages={40--44},
	year={2003},
	publisher={SAGE Publications Sage CA: Los Angeles, CA}
}

@article{cavusoglu2007efficient,
	title={An efficient method for snore/nonsnore classification of sleep sounds},
	author={Cavusoglu, M and Kamasak, M and Erogul, O and Ciloglu, T and Serinagaoglu, Y and Akcam, T},
	journal={Physiological measurement},
	volume={28},
	number={8},
	pages={841},
	year={2007},
	publisher={IOP Publishing}
}

@article{qian2015automatic,
	title={Automatic detection, segmentation and classification of snore related signals from overnight audio recording},
	author={Qian, Kun and Xu, Zhiyong and Xu, Huijie and Wu, Yaqi and Zhao, Zhao},
	journal={IET Signal Processing},
	volume={9},
	number={1},
	pages={21--29},
	year={2015},
	publisher={IET}
}

@inproceedings{shokrollahi2016snoring,
	title={Snoring sound classification from respiratory signal},
	author={Shokrollahi, Mehrnaz and Saha, Shumit and Hadi, Peyman and Rudzicz, Frank and Yadollahi, Azadeh},
	booktitle={Proc. of the IEEE 38th Annual Int. Conf. on Engineering in Medicine and Biology Society (EMBC)},
	pages={3215-3218},
	year={2016},
	address={Orlando, FL, USA},
	month={Aug. 16-20}
}

@article{wang2016automatic,
	title={Automatic snoring sounds detection from sleep sounds via multi-features analysis},
	author={Wang, Can and Peng, Jianxin and Song, Lijuan and Zhang, Xiaowen},
	journal={Australasian Physical \& Engineering Sciences in Medicine},
	pages={1--9},
	year={2016},
	publisher={Springer}
}

@article {janott2014akustical,
	title = {Acoustic analysis of snoring aids},
	author = {Janott, C and Pirsig, W and Heiser, C},
	journal = {Somnologie-Schlafforschung und Schlafmedizin},
	volume = {18},
	number = {2},
	pages = {87--95},
	year = {2014}
}


@ARTICLE{qian2016classification, 
	author={K. Qian and C. Janott and V. Pandit and Z. Zhang and C. Heiser and W. Hohenhorst and M. Herzog and W. Hemmert and B. Schuller}, 
	journal={IEEE Transactions on Biomedical Engineering}, 
	title={Classification of the Excitation Location of Snore Sounds in the Upper Airway by Acoustic Multi-Feature Analysis}, 
	year={2016}, 
	volume={PP}, 
	number={99}, 
	pages={1-1},
}

@INPROCEEDINGS{qian216wavelet, 
	author={K. Qian and C. Janott and Z. Zhang and C. Heiser and B. Schuller}, 
	booktitle={2016 IEEE International Conference on Acoustics, Speech and Signal Processing (ICASSP)}, 
	title={Wavelet features for classification of vote snore sounds}, 
	year={2016}, 
	pages={221-225}, 
	keywords={signal processing;wavelet transforms;DISE;OSA;SnS;drug-induced sleep endoscopy;feature set;obstructive sleep apnea;vote snore sounds;wavelet transform;Acoustics;Feature extraction;Indexes;Sleep apnea;Vibrations;Wavelet transforms;Obstructive Sleep Apnea;Snore Sounds;Upper Airway;Wavelet Transform}, 
	doi={10.1109/ICASSP.2016.7471669}, 
	month={March},}

@inproceedings{principi2014power,
	title={Power Normalized Cepstral Coefficients based supervectors and i-vectors for small vocabulary speech recognition},
	author={Principi, Emanuele and Squartini, Stefano and Piazza, Francesco},
	booktitle={Proc. of the Int. Joint Conf. on Neural Networks (IJCNN)},
	address = {Beijing, China},
	month = {Jul. 6-11},
	pages = {3562-3568},
	year={2014}
}

@inproceedings{bahari2013accent,
	title={Accent recognition using i-vector, gaussian mean supervector and gaussian posterior probability supervector for spontaneous telephone speech},
	author={Bahari, Mohamad-Hasan and Saeidi, Rahim and Van hamme, Hugo and Van Leeuwen, David},
	booktitle={Proc. of IEEE Int. Conf. on Acoustics, Speech and Signal Processing (ICASSP)},
	year={2013}, 
	pages={7344-7348}, 
	address={Vancouver, Canada},
	month={May 26-31}
}

@article{principi2016acoustic,
	title={Acoustic cues from the floor: A new approach for fall classification},
	author={Principi, Emanuele and Droghini, Diego and Squartini, Stefano and Olivetti, Paolo and Piazza, Francesco},
	journal={Expert Systems with Applications},
	volume={60},
	pages={51--61},
	year={2016},
	publisher={Elsevier}
}

@article{Principi20155668,
	title = "An integrated system for voice command recognition and emergency detection based on audio signals ",
	journal = "Expert Systems with Applications ",
	volume = "42",
	number = "13",
	pages = "5668 - 5683",
	year = "2015",
	issn = "0957-4174",
	author = "Emanuele Principi and Stefano Squartini and Roberto Bonfigli and Giacomo Ferroni and Francesco Piazza",
}

@inproceedings{eyben2013recent,
	author = {Florian Eyben and Felix Weninger and Florian Gro{\ss} and Bj\"orn Schuller},
	title = {{Recent Developments in openSMILE, the Munich Open-Source Multimedia Feature Extractor}}, 
	booktitle = {Proc. of ACM Int. Conf. on Multimedia}, 
	year = {2013},
	editor = {},
	volume = {},
	series = {},
	pages = {835-838},
	address = {Barcelona, Spain},
	month = {Oct. 21-25}
}


@article{kingma2014adam,
	title={Adam: A Method for Stochastic Optimization},
	author={Kingma, D. P. and Ba, J.},
	journal={Proc. of the 3rd International Conference on Learning Representations (ICLR)},
	year={2014}
}


@ARTICLE{2016arXiv160502688short,
	author = {{Theano Development Team}},
	title = "{Theano: A {Python} framework for fast computation of mathematical expressions}",
	journal = {arXiv e-prints},
	volume = {abs/1605.02688},
	primaryClass = "cs.SC",
	keywords = {Computer Science - Symbolic Computation, Computer Science - Learning, Computer Science - Mathematical Software},
	year = 2016,
	month = may
}

@book{bishop06,
	author = {C. Bishop},
	title = {Pattern Recognition and Machine Learning},
	publisher = {Springer Science+Business Media, LLC},
	address = {New York},
	year = {2006}
}

@article{chang11,
	title={{LIBSVM: a library for support vector machines}},
	author={Chang, Chih-Chung and Lin, Chih-Jen},
	journal={ACM Trans. Intell. Syst. Technol.},
	volume={2},
	number={3},
	pages={27},
	year={2011},
}

@article{zhang2013deep,
	title={Deep belief networks based voice activity detection},
	author={Zhang, Xiao-Lei and Wu, Ji},
	journal={IEEE Transactions on Audio, Speech, and Language Processing},
	volume={21},
	number={4},
	pages={697--710},
	year={2013},
	publisher={IEEE}
}

@article{graves2005framewise,
	title={Framewise phoneme classification with bidirectional LSTM and other neural network architectures},
	author={Graves, Alex and Schmidhuber, J{\"u}rgen},
	journal={Neural Networks},
	volume={18},
	number={5},
	pages={602--610},
	year={2005},
	publisher={Elsevier}
}

@InProceedings{Kim12,
	author    = {C. Kim and R. M. Stern},
	title     = {{Power-normalized coefficients (PNCC) for robust speech recognition}},
	booktitle = {Proc. of Int. Conf. on Acoustics, Speech, and Signal Processing},
	year      = {2012},
	month     = {Mar.},
	pages     = {4101-4104},
	address   = {Kyoto, Japan}
}


@InProceedings{Ferroni15a,
	author = {Giacomo Ferroni and Roberto Bonfigli and Emanuele Principi and Stefano Squartini and Francesco Piazza},
	title = {{A Deep Neural Network Approach for Voice Activity Detection in Multi-Room Domestic Scenarios}},
	booktitle = {Proc. of IJCNN},
	year = {2015},
	address = {Killarney, Ireland},
	month = {Jul. 12-17},
	pages = {1574-1581}
}

@article{ramirez2004efficient,
	title={Efficient voice activity detection algorithms using long-term speech information},
	author={Ram{\'i}rez, Javier and Segura, Jos{\'e} C and Ben{\'i}tez, Carmen and De La Torre, Angel and Rubio, Antonio},
	journal={Speech communication},
	volume={42},
	number={3},
	pages={271--287},
	year={2004},
	publisher={Elsevier}
}

@article{hermansky1994rasta,
	title={{RASTA} processing of speech},
	author={Hermansky, Hynek and Morgan, Nelson},
	journal=IEEE_J_SAP,
	volume={2},
	number={4},
	pages={578--589},
	year={1994},
	publisher={IEEE}
}

@ARTICLE{Mallat2012,
	author={Mallat, S.},
	title={Group Invariant Scattering},
	journal={Communications on Pure and Applied Mathematics},
	year={2012},
	volume={65},
	number={10},
	pages={1331-1398}
}

@article{zhang2013deep,
	title={Deep belief networks based voice activity detection},
	author={Zhang, Xiao-Lei and Wu, Ji},
	journal=IEEE_J_ASL,
	volume={21},
	number={4},
	pages={697--710},
	year={2013},
	publisher={IEEE}
}

@techreport{IS-127,
	type={3GPP2 C.S0014-A},
	year = {2004},
	title = {Enhanced variable rate codec, speech service option 3 for wideband spectrum digital systems},
	institution = {TIA/EIA/IS-127},
}

@inproceedings{Anden2011multiscale,
	title={Multiscale Scattering for Audio Classification.},
	author={And{\'e}n, Joakim and Mallat, St{\'e}phane},
	booktitle={ISMIR},
	pages={657--662},
	year={2011}
}

@inproceedings{Sifre2013rotation,
	title={Rotation, scaling and deformation invariant scattering for texture discrimination},
	author={Sifre, Laurent and Mallat, St{\'e}phane},
	booktitle={Proceedings of the IEEE conference on computer vision and pattern recognition},
	pages={1233--1240},
	year={2013}
}

@article{young1997nasal,
	title={Nasal obstruction as a risk factor for sleep-disordered breathing},
	author={Young, Terry and Finn, Larel and Kim, Hyon and others},
	journal={Journal of Allergy and Clinical Immunology},
	volume={99},
	number={2},
	pages={S757--S762},
	year={1997},
	publisher={Elsevier}
}


@article{strollo1996obstructive,
	author = { Strollo ,  Patrick J.   Jr.  and  Rogers ,  Robert M. },
	title = {Obstructive Sleep Apnea},
	journal = {New England Journal of Medicine},
	volume = {334},
	number = {2},
	pages = {99-104},
	year = {1996},
	doi = {10.1056/NEJM199601113340207},
	note ={PMID: 8531966}}

@misc{sifre2013scatnet,
	title={Scatnet: a MATLAB toolbox for scattering networks},
	author={Sifre, L and Kapoko, M and Oyallon, E and Lostanlen, V},
	year={2013}
}

@inproceedings{kaya2017introducing,
	title={Introducing Weighted Kernel Classifiers for Handling Imbalanced Paralinguistic Corpora: Snoring, Addressee and Cold},
	author={Kaya, Heysem and Karpov, Alexey A},
	booktitle={Proc. Interspeech},
	pages={3527--3531},
	address = {Stockholm, SWE},
	year={2017}
}

@inproceedings{amiriparian2017snore,
	title={Snore sound classification using image-based deep spectrum features},
	author={Amiriparian, Shahin and Gerczuk, Maurice and Ottl, Sandra and Cummins, Nicholas and Freitag, Michael and Pugachevskiy, Sergey and Baird, Alice and Schuller, Bj{\"o}rn},
	booktitle={Proc. of Interspeech},
	address = {Stockholm, SWE},
	year={2017}
}

@inproceedings{freitag2017end,
	title={An ‘end-to-evolution’hybrid approach for snore sound classification},
	author={Freitag, Michael and Amiriparian, Shahin and Cummins, Nicholas and Gerczuk, Maurice and Schuller, Bj{\"o}rn},
	booktitle={Proc. of Interspeech},
	address = {Stockholm, SWE},
	year={2017}
}

@article{pevernagie2010acoustics,
	title={The acoustics of snoring},
	author={Pevernagie, Dirk and Aarts, Ronald M and De Meyer, Micheline},
	journal={Sleep medicine reviews},
	volume={14},
	number={2},
	pages={131--144},
	year={2010},
	publisher={Elsevier}
}

@article{anden2014deep,
	title={Deep scattering spectrum},
	author={And{\'e}n, Joakim and Mallat, St{\'e}phane},
	journal={IEEE Transactions on Signal Processing},
	volume={62},
	number={16},
	pages={4114--4128},
	year={2014},
	publisher={IEEE}
}


@article{king2001logistic,
	title={Logistic regression in rare events data},
	author={King, Gary and Zeng, Langche},
	journal={Political analysis},
	volume={9},
	number={2},
	pages={137--163},
	year={2001},
	publisher={Cambridge University Press}
}


@article{hearst1998support,
	title={Support vector machines},
	author={Hearst, Marti A. and Dumais, Susan T and Osuna, Edgar and Platt, John and Scholkopf, Bernhard},
	journal={IEEE Intelligent Systems and their applications},
	volume={13},
	number={4},
	pages={18--28},
	year={1998},
	publisher={IEEE}
}

@article{Kinnunen2010,
	title = "An overview of text-independent speaker recognition: From features to supervectors ",
	journal = "Speech Communication ",
	volume = "52",
	number = "1",
	pages = "12 - 40",
	year = "2010",
	note = "",
	issn = "0167-6393",
	author = "Tomi Kinnunen and Haizhou Li"
}

@INPROCEEDINGS{DoganRoad2017, 
	author={D. Doğan}, 
	booktitle={25th Signal Processing and Communications Applications Conference (SIU)}, 
	title={Road-types classification using audio signal processing and SVM method}, 
	year={2017}, 
	volume={}, 
	number={}, 
	pages={1-4}, 
	keywords={acoustic signal processing;asphalt;audio signal processing;cepstral analysis;civil engineering computing;friction;linear codes;road safety;roads;signal classification;support vector machines;tyres;LPC;MFCC;PSC;SVM;acoustic signal processing;active safety systems;asphalt;audio signal processing;gravel;linear predictive coding;maximum distance principle;mel-frequency cepstrum coefficients;minimum variance;power spectrum;road conditions classification;road-types classification;road/tire friction forces;snowy road;stony road;support vector machine;Cepstrum;Friction;Mel frequency cepstral coefficient;Roads;Support vector machines;Tires;Vehicle dynamics;acustic signal processing;classification;support vector machine (SVM)}, 
	doi={10.1109/SIU.2017.7960154}, 
	ISSN={}, 
	month={May},}

@inproceedings{abdic2016detecting,
	title={Detecting road surface wetness from audio: A deep learning approach},
	author={Abdi{\'c}, Irman and Fridman, Lex and Brown, Daniel E and Angell, William and Reimer, Bryan and Marchi, Erik and Schuller, Bj{\"o}rn},
	booktitle={Pattern Recognition (ICPR), 2016 23rd International Conference on},
	pages={3458--3463},
	year={2016},
	organization={IEEE}
}

@inproceedings{eyben2010universal,
	title={Universal onset detection with bidirectional long-short term memory neural networks},
	author={Eyben, Florian and B{\"o}ck, Sebastian and Schuller, Bj{\"o}rn and Graves, Alex},
	booktitle={Proc. 11th Intern. Soc. for Music Information Retrieval Conference, ISMIR, Utrecht, The Netherlands},
	pages={589--594},
	year={2010}
}

@inproceedings{Eyben13-RDI,
	author = {Florian Eyben and Felix Weninger and Florian Gross and Bj\"orn Schuller},
	title = {Recent Developments in {openSMILE}, the Munich Open-Source Multimedia Feature Extractor},
	booktitle = {Proc.\ of ACM Multimedia 2013},
	year = {2013},
	address = {Barcelona, Spain},
	pages = {835--838},
	publisher = {ACM},
}

@misc{dashcam,
	organization  = "BC Master",
	title         = "Dashboard Camera Recorder {DC10}",
	note          = {\url{http://www.bc-master.com/product/car-dash-camera-dc10}}
}

@inproceedings{sandberg2001tyre,
	title={Tyre/road noise: myths and realities},
	author={Sandberg, Ulf},
	year={2001},
	booktitle={International Congress and Exhibition on Noise Control Engineering, The Hague, Netherlands}
}

@inproceedings{sandberg2003multi,
	title={The multi-coincidence peak around 1000 Hz in tyre/road noise spectra},
	author={Sandberg, Ulf},
	booktitle={Proceedings of EURONOISE},
	volume={2003},
	year={2003}
}

@article{alonso2014board,
	title={On-board wet road surface identification using tyre/road noise and support vector machines},
	author={Alonso, J and Lopez, JM and Pav{\'o}n, I and Recuero, M and Asensio, C and Arcas, G and Bravo, A},
	journal={Applied Acoustics},
	volume={76},
	pages={407--415},
	year={2014},
	publisher={Elsevier}
}


@inproceedings{ijcnn2016-vad, 
	author = {Vesperini, F. and Vecchiotti, P. and Principi, E. and Squartini, S. and Piazza, F.}, 
	title = {Deep Neural Networks for Multi-Room Voice Activity Detection: Advancements and Comparative Evaluation}, 
	booktitle = {Proc. of IJCNN},
	year = {2016}, 
	address = {Vancouver, Canada},
	pages = {3391-3398},
	month = {24-29 Jul.}
}

@ARTICLE{wirn2016-vad,
	author={Vecchiotti, P. and Vesperini, F.  and Principi, E. and Squartini, S. and Piazza, F.},
	title={Convolutional Neural Networks with {3-D} Kernels for Voice Activity Detection in a Multiroom Environment},
	journal={Smart Innovation, Systems and Technologies},
	year={2018},
	volume={69},
	pages={161-170},
	editor={Esposito, Anna and Faundez-Zanuy, M. and Morabito F.C., Pasero, E.},
	publisher={Springer Science and Business Media Deutschland GmbH}
}

@inproceedings{vesperini2016sloc,
	title={A neural network based algorithm for speaker localization in a multi-room environment},
	author={Vesperini, Fabio and Vecchiotti, Paolo and Principi, Emanuele and Squartini, Stefano and Piazza, Francesco},
	booktitle={Proc. of the 26th Int. Workshop on Machine Learning for Signal Processing},
	pages={1-6},
	year={2016},
	address={Vietri sul Mare, Italy},
	date={Sep. 16-17}
}

@article{VESPERINI201883,
	title = "Localizing speakers in multiple rooms by using Deep Neural Networks",
	journal = "Computer Speech & Language",
	volume = "49",
	pages = "83 - 106",
	year = "2018",
	issn = "0885-2308",
	doi = "https://doi.org/10.1016/j.csl.2017.12.002",
	url = "http://www.sciencedirect.com/science/article/pii/S0885230817301377",
	author = "Fabio Vesperini and Paolo Vecchiotti and Emanuele Principi and Stefano Squartini and Francesco Piazza",
	keywords = "Acoustic source localization, Speaker localization, GCC-PHAT, Deep Neural Networks, Convolutional Neural Networks, Computational Audio Processing"
}

@article{Ephraim:1984,
	title={Speech enhancement using a minimum-mean square error short-time spectral amplitude estimator},
	author={Ephraim, Yariv and Malah, David},
	journal={IEEE Transactions on Acoustics, Speech, and Signal Processing},
	volume={32},
	number={6},
	pages={1109--1121},
	year={1984},
	publisher={IEEE}
}

@article{ghosh2011robust,
	title={Robust voice activity detection using long-term signal variability},
	author={Ghosh, Prasanta Kumar and Tsiartas, Andreas and Narayanan, Shrikanth},
	journal={IEEE Transactions on Audio, Speech, and Language Processing},
	volume={19},
	number={3},
	pages={600--613},
	year={2011},
	publisher={IEEE}
}

@article{hochreiter1997long,
	title={Long short-term memory},
	author={Hochreiter, Sepp and Schmidhuber, J{\"u}rgen},
	journal={Neural computation},
	volume={9},
	number={8},
	pages={1735--1780},
	year={1997},
	publisher={MIT Press}
}

@article{lecun1995convolutional,
	title={Convolutional networks for images, speech, and time series},
	author={LeCun, Yann and Bengio, Yoshua and others},
	journal={The handbook of brain theory and neural networks},
	volume={3361},
	number={10},
	pages={1995},
	year={1995}
}

@inproceedings{Kingma2015adam,
	title={Adam: A method for stochastic optimization},
	author={Kingma, Diederik and Ba, Jimmy},
	booktitle={International Conference on Learning Representations},
	year={2015},
	month={May},
}

@article{hannun2014deep,
	title={Deep speech: Scaling up end-to-end speech recognition},
	author={Hannun, Awni and Case, Carl and Casper, Jared and Catanzaro, Bryan and Diamos, Greg and Elsen, Erich and Prenger, Ryan and Satheesh, Sanjeev and Sengupta, Shubho and Coates, Adam and others},
	journal={arXiv preprint arXiv:1412.5567},
	year={2014}
}

@book{hanson2004tire,
	title={Tire/pavement noise study},
	author={Hanson, Douglas I and James, Robert S and NeSmith, Christopher},
	year={2004},
	publisher={the Center}
}

@article{freitas2009traffic,
	title={Traffic noise changes due to water on porous and dense asphalt surfaces},
	author={Freitas, Elisabete and Pereira, Paulo and de Picado-Santos, Lu{\'\i}s and Santos, Adriana},
	journal={Road Materials and Pavement Design},
	volume={10},
	number={3},
	pages={587--607},
	year={2009},
	publisher={Taylor \& Francis}
}

@article{chawla2002smote,
	title={SMOTE: synthetic minority over-sampling technique},
	author={Chawla, Nitesh V and Bowyer, Kevin W and Hall, Lawrence O and Kegelmeyer, W Philip},
	journal={Journal of artificial intelligence research},
	volume={16},
	pages={pp. 321--357},
	year={2002}}

@article{han2005borderline,
	title={Borderline-SMOTE: a new over-sampling method in imbalanced data sets learning},
	author={Han, Hui and Wang, Wen-Yuan and Mao, Bing-Huan},
	journal={Advances in intelligent computing},
	pages={878--887},
	year={2005},
	publisher={Springer}}

@article{li2014learning,
	title={Learning with augmented features for supervised and semi-supervised heterogeneous domain adaptation},
	author={Li, Wen and Duan, Lixin and Xu, Dong and Tsang, Ivor W},
	journal={IEEE transactions on pattern analysis and machine intelligence},
	volume={36},
	number={6},
	pages={1134--1148},
	year={2014},
	publisher={IEEE}
}

@inproceedings{goodfellow2014generative,
	title={Generative adversarial nets},
	author={Goodfellow, Ian and Pouget-Abadie, Jean and Mirza, Mehdi and Xu, Bing and Warde-Farley, David and Ozair, Sherjil and Courville, Aaron and Bengio, Yoshua},
	booktitle={Advances in neural information processing systems},
	pages={2672--2680},
	year={2014}
}

@article{banno2007sleep,
	author = { Banno, Katsuhisa and Kryger, Meir H.},
	title = {Sleep apnea: Clinical investigations in humans},
	journal = {Sleep Medicine},
	volume = {8},
	pages = {pp. 400-426},
	year = {2007},
	doi = {10.1016/j.sleep.2007.03.003}}

@article{lumeng2008epidemiology,
	title={Epidemiology of pediatric obstructive sleep apnea},
	author={Lumeng, Julie C and Chervin, Ronald D},
	journal={Proceedings of the American Thoracic Society},
	volume={5},
	number={2},
	pages={pp. 242--252},
	year={2008},
	publisher={Am Thoracic Soc}
}

@book{sleep-disorders,
	title={Sleep Disorders Medicine E-Book: Basic Science, Technical Considerations, and Clinical Aspects},
	author={Chokroverty, Sudhansu},
	year={2009},
	publisher={Elsevier Health Sciences}
}

@article{vesperini2018localizing,
	title={Localizing speakers in multiple rooms by using Deep Neural Networks},
	author={Vesperini, Fabio and Vecchiotti, Paolo and Principi, Emanuele and Squartini, Stefano and Piazza, Francesco},
	journal={Computer Speech \& Language},
	volume={49},
	pages={pp. 83--106},
	year={2018},
	publisher={Elsevier}
}

@inproceedings{ioffe2015batch,
	title={Batch normalization: Accelerating deep network training by reducing internal covariate shift},
	author={Ioffe, Sergey and Szegedy, Christian},
	booktitle={Proc. of ICMC},
	pages={448--456},
	year={2015}
}

@article{lecun1998gradient,
	title={Gradient-based learning applied to document recognition},
	author={LeCun, Yann and Bottou, L{\'e}on and Bengio, Yoshua and Haffner, Patrick},
	journal={Proceedings of the IEEE},
	volume={86},
	number={11},
	pages={pp. 2278--2324},
	year={1998},
	publisher={IEEE}}

@inproceedings{Scheibler2018, 
	author={Scheibler, R. and Bezzam, E. and Dokmani\'c, I.}, 
	booktitle={Proc. ICASSP}, 
	title={{Pyroomacoustics: A Python package for audio room simulations and array processing algorithms}}, 
	year={2018},  
	month={Apr. 15-20},
	address={Calgary, Canada}
}

@inproceedings{marchi2014multi,
	author = {Erik Marchi and Giacomo Ferroni and Florian Eyben and Leonardo Gabrielli and Stefano Squartini and Bj\"orn Schuller},
	title = {{Multi-resolution Linear Prediction Based Features for Audio Onset Detection with Bidirectional LSTM Neural Networks}}, 
	booktitle = {Proc. of ICASSP}, 
	year = {2014},
	editor = {},
	volume = {},
	series = {},
	pages = {2183-2187}
}

@incollection{vesperinihierarchic,
	title={A HIERARCHIC MULTI-SCALED APPROACH FOR RARE SOUND EVENT DETECTION},
	author={Vesperini, Fabio and Droghini, Diego and Ferretti, Daniele and Principi, Emanuele and Gabrielli, Leonardo and Squartini, Stefano and Piazza, Francesco},
	year={2017},
	INSTITUTION =   {Department of Information Engineering, Universit\`{a} Politecnica delle Marche},
	ADDRESS =       {Ancona, Italy},
	booktitle ={},
	note={{DCASE} {T}ech. {R}eport. {C}opyright-free}
}

@book{bregman1994auditory,
	title={Auditory Scene Analysis: The Perceptual Organization of Sound},
	author={Bregman, Albert S},
	year={1994},
	publisher={MIT press}
}
@book{divenyi2004speech,
	title={Speech Separation by Humans and Machines},
	author={Divenyi, Pierre},
	year={2004},
	publisher={Springer Science \& Business Media}
}
@article{chu2009environmental,
	title={Environmental Sound Recognition with Time-Frequency Audio Features},
	author={Chu, Selina and Narayanan, Shrikanth and Kuo, C-C Jay},
	journal={Proc. of IEEE Transactions on Audio, Speech, and Language Processing},
	pages={1142--1158},
	year={2009},
}

@inproceedings{shah2012lifelogging,
	title={Lifelogging: Archival and Retrieval of Continuously Recorded Audio using Wearable Devices},
	author={Shah, Mohit and Mears, Brian and Chakrabarti, Chaitali and Spanias, Andreas},
	booktitle={Proc. of IEEE International Conference on Emerging Signal Processing Applications (ESPA)},
	pages={99--102},
	year={2012},
}

@article{wichern2010segmentation,
	title={Segmentation, Indexing, and Retrieval for Environmental and Natural Sounds},
	author={Wichern, Gordon and Xue, Jiachen and Thornburg, Harvey and Mechtley, Brandon and Spanias, Andreas},
	journal={Proc. of IEEE Transactions on Audio, Speech, and Language Processing},
	pages={688--707},
	year={2010},
}
@article{xu2008audio,
	title={Audio Keywords Generation for Sports Video Analysis},
	author={Xu, Min and Xu, Changsheng and Duan, Lingyu and Jin, Jesse S and Luo, Suhuai},
	journal={Proc. of ACM Transactions on Multimedia Computing, Communications, and Applications (TOMM)},
	pages={11},
	year={2008},
}

@inproceedings{harma2005automatic,
	title={Automatic Surveillance of the Acoustic Activity in our Living Environment},
	author={Harma, Aki and McKinney, Martin F and Skowronek, Janto},
	booktitle={Proc. of IEEE International Conference on Multimedia and Expo (ICME)},
	year={2005},
}

@article{crocco2014surveillance,
	author    = {Marco Crocco and Marco Cristani and Andrea Trucco and Vittorio Murino},
	title     = {Audio Surveillance: a Systematic Review},
	journal   = {CoRR},
	url       = {http://arxiv.org/abs/1409.7787},
}

@article{Principi2016a,
	title = "Acoustic cues from the floor: a new approach for fall classification",
	journal = "Expert Systems with Applications ",
	year = "2016",
	author = "Emanuele Principi and Diego Droghini and Stefano Squartini and Paolo Olivetti and Francesco Piazza",
	pages ={51-61},
}

@article{sohn1999statistical,
	title={A statistical model-based voice activity detection},
	author={Sohn, Jongseo and Kim, Nam Soo and Sung, Wonyong},
	journal={IEEE signal processing letters},
	pages={1--3},
	year={1999},
}

@article{hershey2016cnn,
	author    = {Shawn Hershey and Sourish Chaudhuri and others},
	title     = {{CNN} Architectures for Large-Scale Audio Classification},
	year      = {2016},
	url       = {http://arxiv.org/abs/1609.09430},
	timestamp = {Mon, 03 Oct 2016 17:51:10 +0200},
}

@article{sharan2016overview,
	title={An overview of applications and advancements in automatic sound recognition},
	author={Sharan, Roneel V and Moir, Tom J},
	journal={Neurocomputing},
	volume={200},
	pages={22--34},
	year={2016},
	publisher={Elsevier}
}

}
@inproceedings{adavanne2016sound,
	title={Sound Event Detection in Multichannel Audio using Spatial and Harmonic Features},
	author={Adavanne, Sharath and Parascandolo, Giambattista and Heittola, Toni and Virtanen, Tuomas},
	year={2016},
	organization={Workshop on Detection and Classification of Acoustic Scenes and Events (DCASE)}
}

@inbook{rojas2013neural,
	title={Neural networks: a systematic introduction},
	author={Rojas, Ra{\'u}l},
	chapter={7},
	year={2013},
	publisher={Springer Science \& Business Media}
}

@inproceedings{cristoforetti2014dirha,
	title={The {DIRHA} simulated corpus},
	author={Cristoforetti, Luca and Ravanelli, Mirco and Omologo, Maurizio and Sosi, Alessandro and Abad, Alberto and Hagm{\"u}ller, Martin and Maragos, Petros},
	booktitle={Proc. of LREC},
	volume={5},
	year={2014},
	month = {May 26-31},
	address = {Reykjavik, Iceland}
}


@ARTICLE{Price2016,
	author={Price, R. and Iso, K.-I. and Shinoda, K.},
	title={Wise teachers train better {DNN} acoustic models},
	journal={Eurasip Journal on Audio, Speech, and Music Processing},
	year={2016},
	volume={2016},
	number={1},
	doi={10.1186/s13636-016-0088-7},
	art_number={10},
	document_type={Article},
	source={Scopus},
}

@article{gpumlib,
	author = {Lopes, Noel and Ribeiro, Bernardete},
	title = {Towards Adaptive Learning with Improved Convergence of Deep Belief Networks on Graphics Processing Units},
	journal = {Pattern Recogn.},
	issue_date = {January, 2014},
	volume = {47},
	number = {1},
	month = jan,
	year = {2014},
	issn = {0031-3203},
	pages = {114--127},
	numpages = {14},
	acmid = {2533532},
	publisher = {Elsevier Science Inc.},
	address = {New York, NY, USA},
	keywords = {Adaptive step size, Contrastive divergence, Deep belief networks, Deep learning, GPU computing, Restricted Boltzmann machines}
}

@INPROCEEDINGS{ijcnn-vad, 
	author={Ferroni, G. and Bonfigli, R. and Principi, E. and Squartini, S. and Piazza, F.}, 
	booktitle={Proc. of IJCNN}, 
	title={A Deep Neural Network approach for Voice Activity Detection in multi-room domestic scenarios}, 
	year={2015}, 
	pages={1-8}, 
	month={Jul. 12-17},
	address={Killarney, Ireland}}

@ARTICLE{zhang_2016_vad, 
	author={Zhang, X.-L. and Wang, D.}, 
	journal={IEEE/ACM Trans. on Audio, Speech, and Language Process.}, 
	title={Boosting Contextual Information for Deep Neural Network Based Voice Activity Detection}, 
	year={2016}, 
	volume={24}, 
	number={2}, 
	pages={252-264}, 
	keywords={Acoustics;Neural networks;Signal to noise ratio;Speech;Stacking;Training;Cochleagram;deep neural network;ensemble learning;multi-resolution stacking;noise-independent training;voice activity detection}, 
	doi={10.1109/TASLP.2015.2505415}, 
	ISSN={2329-9290}, 
	month={Feb},}

@inproceedings{giannoulis2014athena,
	title={The {Athena-RC} system for speech activity detection and speaker localization in the {DIRHA} smart home},
	author={Giannoulis, P and Tsiami, A and Rodomagoulakis, I and Katsamanis, A and Potamianos, G and Maragos, P},
	booktitle={Proc. of HSCMA, 2014},
	pages={167-171},
	address = {Florence, Italy},
	year={2014},
	month={May 12-14}
}

@inproceedings{abadl2f,
	title={{The L2F system for the EVALITA-2014 speech activity detection challenge in domestic environments}},
	author={Abad, Alberto and Matos, Miguel and Meinedo, Hugo and Astudillo, Ramon F and Trancoso, Isabel},
	booktitle={Proc. of EVALITA},
	year = {2014},
	pages={147-152},
}

@inproceedings{morales2014distant,
	title={Distant speech recognition in reverberant noisy conditions employing a microphone array},
	author={Morales-Cordovilla, Juan A and Hagmuller, Martin and Pessentheiner, Hannes and Kubin, Gernot},
	booktitle={Proc. of EUSIPCO},
	address={Lisbona, Portugal},
	month = {Sep 1-5},
	pages={2380--2384},
	year={2014}
}

@INPROCEEDINGS{6854054, 
	author={Thomas, S. and Ganapathy, S. and Saon, G. and Soltau, H.}, 
	booktitle={Proc. of ICASSP}, 
	title={Analyzing convolutional neural networks for speech activity detection in mismatched acoustic conditions}, 
	year={2014}, 
	pages={2519-2523}, 
	month={May 4-9},
	address={Florence, Italy}
}

@article{makhzani2015adversarial,
	title={Adversarial autoencoders},
	author={Makhzani, Alireza and Shlens, Jonathon and Jaitly, Navdeep and Goodfellow, Ian},
	journal={arXiv preprint arXiv:1511.05644},
	year={2015}
}

@inproceedings{van2016wavenet,
	title={Wave{N}et: A generative model for raw audio.},
	author={Van Den Oord, A{\"a}ron and Dieleman, Sander and Zen, Heiga and Simonyan, Karen and Vinyals, Oriol and Graves, Alex and Kalchbrenner, Nal and Senior, Andrew W and Kavukcuoglu, Koray},
	booktitle={SSW},
	pages={125},
	year={2016}
}

@article{mehri2016samplernn,
	title={Sample{RNN}: An unconditional end-to-end neural audio generation model},
	author={Mehri, Soroush and Kumar, Kundan and Gulrajani, Ishaan and Kumar, Rithesh and Jain, Shubham and Sotelo, Jose and Courville, Aaron and Bengio, Yoshua},
	journal={5th International Conference on Learning
	Representations (ICLR 2017)},
	year={2016}
}

@inproceedings{donahue2018synthesizing,
	title={Synthesizing Audio with {GAN}s},
	author={Donahue, Chris and McAuley, Julian and Puckette, Miller},
	year={2018},
	booktitle={International Conference
on Learning Representations, ICLR},
	address={Vancouver,
Canada} 
	}

@inproceedings{jin2018fftnet,
	title={{FFT}net: A real-time speaker-dependent neural vocoder},
	author={Jin, Zeyu and Finkelstein, Adam and Mysore, Gautham J and Lu, Jingwan},
	booktitle={2018 IEEE International Conference on Acoustics, Speech and Signal Processing (ICASSP)},
	pages={2251--2255},
	year={2018},
	organization={IEEE}
}

@misc{cabello2017autoregressive,
	title={Autoregressive model based on a deep convolutional neural network for audio generation},
	author={Cabello Piqueras, Laura},
	year={2017},
	note={MSc. Thesis},
	school={Tampere University}
}

@inproceedings{Gemmeke13,
	author = {Gemmeke, J. F. and Ons, B. and Tessema, N. and {Van Hamme}, H. and van de Loo, J. and {De Pauw}, G. and Daelemans, W. and Huyghe, J. and Derboven, J. and Vuegen, L. and {Van Den Broeck}, B. and Karsmakers, P. and Vanrumste, B.},
	booktitle = {Proc. of Interspeech},
	pages = {2039-2043},
	title = {{Self-taught assistive vocal interfaces: An overview of the ALADIN project}},
	year = {2013},
	address={Lyon, France},
	date={Aug. 25-29}
}


@Inbook{Hussain2007,
	author="Hussain, A.
	and Chetouani, M.
	and Squartini, S.
	and Bastari, A.
	and Piazza, F.",
	editor="Stylianou, Yannis
	and Faundez-Zanuy, Marcos
	and Esposito, Anna",
	title="Nonlinear Speech Enhancement: An Overview",
	bookTitle="Progress in Nonlinear Speech Processing",
	year="2007",
	publisher="Springer Berlin Heidelberg",
	pages="217--248",
}

@article{Vacher2015,
	author = {Vacher, Michel and Caffiau, Sybille and Portet, Fran\c{c}ois and Meillon, Brigitte and Roux, Camille and Elias, Elena and Lecouteux, Benjamin and Chahuara, Pedro},
	title = {Evaluation of a Context-Aware Voice Interface for Ambient Assisted Living: Qualitative User Study vs. Quantitative System Evaluation},
	journal = {ACM Trans. Access. Comput.},
	issue_date = {July 2015},
	volume = {7},
	number = {2},
	month = may,
	year = {2015},
	issn = {1936-7228},
	pages = {5:1--5:36},
	articleno = {5},
	numpages = {36},
	acmid = {2738047},
	publisher = {ACM},
	address = {New York, NY, USA},
	keywords = {Assistive technology, ambient intelligence, context-aware interaction, smart home, user evaluation, voice command},
} 

@article{Principi2015a,
	title = "An integrated system for voice command recognition and emergency detection based on audio signals ",
	journal = "Expert Systems with Applications ",
	volume = "42",
	number = "13",
	issue = "13",
	pages = "5668-5683",
	year = "2015",
	issn = "0957-4174",
	author = "Emanuele Principi and Stefano Squartini and Roberto Bonfigli and Giacomo Ferroni and Francesco Piazza",
	keywords = "Automatic speech recognition",
	keywords = "Novelty detection",
	keywords = "Emergency detection",
	keywords = "Ambient assisted living "
}

@book{loizou2013speech,
	title={Speech enhancement: theory and practice},
	author={Loizou, Philipos C},
	year={2013},
	address={Boca Raton, FL},
	publisher={CRC Press}
}

@Article{Rotili12b,
	author = {Rudy Rotili and Emanuele Principi and Stefano Squartini and Bj\"orn Schuller},
	title = {A Real-Time Speech Enhancement Framework in Noisy and Reverberated Acoustic Scenarios},
	journal = {Cognitive Computation},
	year = {2013},
	volume = {5},
	number = {4},
	pages = {504-516},
	month = {Aug.},
}

@article{boudoukha2011burnout,
	title={Burnout and victimisation: impact of inmates' aggression towards prison guards},
	author={Boudoukha, AH and Hautekeete, M and Abdellaoui, S and Groux, W and Garay, D},
	journal={L'encephale},
	volume={37},
	number={4},
	pages={284--292},
	year={2011}
}

@Article{Davis80,
	author = {S. B. Davis and P. Mermelstein},
	title = {Comparison of parametric representations for monosyllabic word recognition in continuously spoken sentences},
	journal=IEEE_J_ASSP,
	pages = {357-366},
	year = {1980},
	volume = {28},
	number = {4},
}


@article{hermes1988measurement,
	title={Measurement of pitch by subharmonic summation},
	author={Hermes, D. J.},
	journal={The journal of the acoustical society of America},
	volume={83},
	number={1},
	pages={257--264},
	year={1988},
	publisher={Acoustical Society of America}
}